@book{lamport1994latex,
  title={LaTeX: A Document Preparation System},
  author={Lamport, Leslie},
  year={1994},
  publisher={Addison-Wesley}
}

@article{einstein1905relativity,
  title={Zur Elektrodynamik bewegter K{\"o}rper},
  author={Einstein, Albert},
  journal={Annalen der Physik},
  volume={322},
  number={10},
  pages={891--921},
  year={1905},
  publisher={Wiley Online Library}
}

@online{wikilatex,
  title={LaTeX},
  author={Wikipedia contributors},
  year={2021},
  url={https://en.wikipedia.org/wiki/LaTeX},
  note={Accessed: 2023-04-24}
}

@article{vaswani2017attention,
  title={Attention is all you need},
  author={Vaswani, Ashish and Shazeer, Noam and Parmar, Niki and Uszkoreit, Jakob and Jones, Llion and Gomez, Aidan N and Kaiser, {\L}ukasz and Polosukhin, Illia},
  journal={Advances in neural information processing systems},
  volume={30},
  year={2017}
}

